<?xml version="1.0" encoding="UTF-8"?><collection xmlns="http://www.loc.gov/MARC21/slim"><record><leader>00563nam--2200181-i-4500</leader><controlfield tag="001">000022876</controlfield><controlfield tag="002">20161230</controlfield><controlfield tag="005">20161230201034</controlfield><controlfield tag="008">060222s1000------------r-----000-0-rum-d</controlfield><datafield ind1=" " ind2=" " tag="040"><subfield code="a">IFIN-HH</subfield></datafield><datafield ind1=" " ind2=" " tag="041"><subfield code="a">rum</subfield></datafield><datafield ind1=" " ind2=" " tag="080"><subfield code="a">537.52</subfield></datafield><datafield ind1="1" ind2=" " tag="100"><subfield code="a">Grosu, Dumitru</subfield></datafield><datafield ind1="1" ind2="0" tag="245"><subfield code="a">Influenta structurii anodului asupra oscilatiilor spontane de tensiune si a fenomenelor luminoase din regiunea anodica continuu</subfield><subfield code="b">Rezumatul tezei</subfield><subfield code="c">Dumitru grosu</subfield></datafield><datafield ind1=" " ind2=" " tag="260"><subfield code="a">Iasi</subfield><subfield code="b">Universitatea Al.I.Cuza</subfield><subfield code="c">1969</subfield></datafield><datafield ind1=" " ind2=" " tag="300"><subfield code="a">30P</subfield></datafield><datafield ind1=" " ind2=" " tag="852"><subfield code="a">30569</subfield><subfield code="c">537.52</subfield></datafield><datafield ind1=" " ind2=" " tag="CAT"><subfield code="a">Sys</subfield><subfield code="c">20110804</subfield><subfield code="h">092636</subfield></datafield></record></collection>